<record><leader>00863cam a2200253 a 4500</leader><controlfield tag="001">1330416</controlfield><controlfield tag="008">901022s1985    iv                j fre c</controlfield><datafield ind1=" " ind2=" " tag="020"><subfield code="a">2723607321</subfield></datafield><datafield ind1=" " ind2=" " tag="035"><subfield code="a">ocm32428886</subfield></datafield><datafield ind1=" " ind2=" " tag="040"><subfield code="b">eng</subfield></datafield><datafield ind1=" " ind2=" " tag="049"><subfield code="a">QQLA</subfield><subfield code="b">eng</subfield></datafield><datafield ind1=" " ind2="4" tag="050"><subfield code="a">PL8184</subfield><subfield code="b">B111 N738 1985</subfield></datafield><datafield ind1="0" ind2=" " tag="090"><subfield code="a">PL 8184 B112 N738 1985</subfield></datafield><datafield ind1="1" ind2=" " tag="100"><subfield code="a">B&#226;, Amadou Hampat&#233;.</subfield></datafield><datafield ind1="1" ind2="0" tag="245"><subfield code="a">Njeddo Dewal, m&#232;re de la calamit&#233; :</subfield><subfield code="b">conte initiatique peul /</subfield><subfield code="c">Amadou Hamp&#226;t&#233; B&#226;.</subfield></datafield><datafield ind1=" " ind2=" " tag="260"><subfield code="a">Abidjan :</subfield><subfield code="b">Nouvelles &#233;ditions africaines,</subfield><subfield code="c">1985.</subfield></datafield><datafield ind1=" " ind2=" " tag="300"><subfield code="a">156 p. ;</subfield><subfield code="c">24 cm.</subfield></datafield><datafield ind1=" " ind2=" " tag="336"><subfield code="a">text</subfield><subfield code="b">txt</subfield><subfield code="2">rdacontent</subfield></datafield><datafield ind1=" " ind2=" " tag="337"><subfield code="a">unmediated</subfield><subfield code="b">n</subfield><subfield code="2">rdamedia</subfield></datafield><datafield ind1=" " ind2=" " tag="338"><subfield code="a">volume</subfield><subfield code="b">nc</subfield><subfield code="2">rdacarrier</subfield></datafield><datafield ind1="1" ind2=" " tag="490"><subfield code="a">Collection orale.</subfield></datafield><datafield ind1=" " ind2=" " tag="596"><subfield code="a">38</subfield></datafield><datafield ind1=" " ind2="0" tag="830"><subfield code="a">Collection orale.</subfield></datafield><datafield ind1=" " ind2=" " tag="926"><subfield code="a">PL 8184 B112 N738 1985</subfield><subfield code="w">LC</subfield><subfield code="c">1</subfield><subfield code="i">000034858605</subfield><subfield code="d">2/8/1998</subfield><subfield code="l">ON_SHELF</subfield><subfield code="m">UABARD</subfield><subfield code="n">4</subfield><subfield code="p">$150.00</subfield><subfield code="r">Y</subfield><subfield code="s">Y</subfield><subfield code="t">BOOK</subfield><subfield code="u">11/7/1990</subfield><subfield code="o">.STAFF. B0041834</subfield></datafield></record>